@article{SurveySymExec-CSUR18,
  author    = {Baldoni, Roberto and Coppa, Emilio and D'Elia, Daniele Cono and Demetrescu, Camil and Finocchi, Irene},
  title     = {A Survey of Symbolic Execution Techniques},
  journal   = {ACM Comput. Surv.},
  volume    = {51},
  number = {3},
  articleno = {50},
  publisher = {ACM},
  address = {New York, NY, USA},
  year = {2018}
}

@inproceedings{mayem,
 author = {Cha, Sang Kil and Avgerinos, Thanassis and Rebert, Alexandre and Brumley, David},
 title = {Unleashing Mayhem on Binary Code},
 booktitle = {Proceedings of the 2012 IEEE Symposium on Security and Privacy},
 series = {SP '12},
 year = {2012},
 isbn = {978-0-7695-4681-0},
 pages = {380--394},
 numpages = {15},
 url = {https://doi.org/10.1109/SP.2012.31},
 doi = {10.1109/SP.2012.31},
 acmid = {2310692},
 publisher = {IEEE Computer Society},
 address = {Washington, DC, USA},
 keywords = {hybrid execution, symbolic memory, index-based memory modeling, exploit generation},
} 



@article{King,
 author = {King, James C.},
 title = {Symbolic Execution and Program Testing},
 journal = {Commun. ACM},
 issue_date = {July 1976},
 volume = {19},
 number = {7},
 month = jul,
 year = {1976},
 issn = {0001-0782},
 pages = {385--394},
 numpages = {10},
 url = {http://doi.acm.org/10.1145/360248.360252},
 doi = {10.1145/360248.360252},
 acmid = {360252},
 publisher = {ACM},
 address = {New York, NY, USA},
 keywords = {program debugging, program proving, program testing, program verification, symbolic execution, symbolic interpretation},
} 

@PhDThesis{Net:phd2004,
    author      = {Nicholas Nethercote},
    title       = {Dynamic Binary Analysis and Instrumentation},
    school      = {Computer Laboratory, University of Cambridge},
    address     = {United Kingdom},
    month       = nov,
    year        = 2004,
}


@book{PMA,
  author    = {Michael Sikorski, Andrew Honig}, 
  title     = {Practical Malware Analysis: The Hands-On Guide to Dissecting Malicious Software},
  publisher = {No Starch Press},
  year      = 2012,
  address   = {San Francisco, CA, USA},
  edition   = 1,
  isbn      = {1593272901}
}

@techreport{Saxena:EECS-2009-34,
    Author = {Saxena, Prateek and Poosankam, Pongsin and McCamant, Stephen and Song, Dawn},
    Title = {Loop-Extended Symbolic Execution on Binary Programs},
    Institution = {EECS Department, University of California, Berkeley},
    Year = {2009},
    Month = {Mar},
    URL = {http://www2.eecs.berkeley.edu/Pubs/TechRpts/2009/EECS-2009-34.html},
    Number = {UCB/EECS-2009-34},
}

@inproceedings{shoshitaishvili2016state,
  title={{SoK: (State of) The Art of War: Offensive Techniques in Binary Analysis}},
  author={Shoshitaishvili, Yan and Wang, Ruoyu and Salls, Christopher and
          Stephens, Nick and Polino, Mario and Dutcher, Audrey and Grosen, John and
          Feng, Siji and Hauser, Christophe and Kruegel, Christopher and Vigna, Giovanni},
  booktitle={IEEE Symposium on Security and Privacy},
  year={2016}
}

@inproceedings{DART,
    author = "Godefroid, Patrice and Klarlund, Nils and Sen, Koushik",
    editor = "Sarkar, Vivek and Hall, Mary W.",
    title = "{DART}: directed automated random testing",
    booktitle = "PLDI",
    crossref = "DART",
    ee = "http://doi.acm.org/10.1145/1065010.1065036",
    keywords = "formal methods, software engineering",
    pages = "213-223",
    year = "2005",
}


@InProceedings{muench:bar18,
  title        = {{AvatarÂ²: A Multi-target Orchestration Platform}},
  author       = {Marius Muench and Dario Nisi and Aurelien Francillon and Davide Balzarotti},
  year         = {2018},
  series       = {BAR 18},
  month        = {February},
  booktitle    = {Workshop on Binary Analysis Research (colocated with NDSS Symposium)},
  location     = {San Diego (USA)},
  keywords     = {embedded firmware, dynamic analysis, tool},
  affiliations = {Eurecom},
  extralink    = {Tool: https://github.com/avatartwo/avatar2}
}


@misc{angrdoc,
  title = {{angr Documentation}},
  howpublished = {\url{https://docs.angr.io/}},
  note = {Accessed: 2018-09-08}
}

@misc{rpyc,
  title = {{Remote Python Call}},
  howpublished = {\url{https://github.com/tomerfiliba/rpyc}},
  note = {Accessed: 2018-09-08}
}

@misc{ipython,
  title = {{IPython}},
  howpublished = {\url{https://ipython.org/}},
  note = {Accessed: 2018-09-08}
}

@misc{Pin,
  title = {{Pin - A Dynamic Binary Instrumentation Tool}},
  howpublished = {\url{https://software.intel.com/en-us/articles/pin-a-dynamic-binary-instrumentation-tool}},
  note = {Accessed: 2018-09-08}
}

@misc{Frida,
  title = {{Frida} - A world-class dynamic instrumentation framework},
  howpublished = {\url{https://www.frida.re/}},
  note = {Accessed: 2018-09-08}
}

@misc{angr_file_doc,
  title = {{angr FileSystem Documentation}},
  howpublished = {\url{https://github.com/angr/angr-doc/blob/master/docs/file_system.md}},
  note = {Accessed: 2018-09-17}
}

@misc{gdb_py_doc,
  title = {{GDB Python API Documentation}},
  howpublished = {\url{https://sourceware.org/gdb/onlinedocs/gdb/Python.html}},
  note = {Accessed: 2018-09-22}
}

@misc{qbdi,
  title = {{QBDI - QuarkslaB Dynamic binary Instrumentation}},
  howpublished = {\url{https://qbdi.quarkslab.com/}},
  note = {Accessed: 2018-09-27}
}

@article{qemu,
 author = {Bartholomew, Daniel},
 title = {QEMU: A Multihost, Multitarget Emulator},
 journal = {Linux J.},
 issue_date = {May 2006},
 volume = {2006},
 number = {145},
 month = may,
 year = {2006},
 issn = {1075-3583},
 pages = {3--},
 url = {http://dl.acm.org/citation.cfm?id=1134160.1134163},
 acmid = {1134163},
 publisher = {Belltown Media},
 address = {Houston, TX},
} 

@misc{ida,
  title = {{IDA Pro}},
  howpublished = {\url{https://www.hex-rays.com/products/ida/}},
  note = {Accessed: 2018-10-02}
}

@misc{gctf,
  title = {{Google Capture The Flag}},
  howpublished = {\url{https://capturetheflag.withgoogle.com/}},
  note = {Accessed: 2018-10-08}
}

